<?xml version="1.0" encoding="UTF-8" ?><Document xmlns="urn:iso:std:iso:20022:tech:xsd:camt.053.001.02"><BkToCstmrStmt><GrpHdr><MsgId>STMT0612211</MsgId><CreDtTm>2023-03-21T02:34:19.229</CreDtTm><MsgPgntn><PgNb>1</PgNb><LastPgInd>true</LastPgInd></MsgPgntn></GrpHdr>
<Stmt><Id>STMT0612211-00001</Id><ElctrncSeqNb>000000001</ElctrncSeqNb><CreDtTm>2023-03-21T02:34:19.229</CreDtTm><FrToDt><FrDtTm>2023-03-20T00:00:00.000+00:00</FrDtTm><ToDtTm>2023-03-20T23:59:59.000+00:00</ToDtTm></FrToDt><Acct><Id><Othr><Id>45754123</Id></Othr></Id><Ccy>GBP</Ccy><Svcr><FinInstnId><BIC>HBUKGB4</BIC></FinInstnId></Svcr></Acct><Bal><Tp><CdOrPrtry><Cd>OPAV</Cd></CdOrPrtry></Tp><CdtLine><Incl>false</Incl></CdtLine><Amt Ccy="GBP">130011.32</Amt><CdtDbtInd>CRDT</CdtDbtInd><Dt><Dt>2023-03-20</Dt></Dt></Bal><Bal><Tp><CdOrPrtry><Cd>OPBD</Cd></CdOrPrtry></Tp><Amt Ccy="GBP">130011.32</Amt><CdtDbtInd>CRDT</CdtDbtInd><Dt><Dt>2023-03-20</Dt></Dt></Bal><Bal><Tp><CdOrPrtry><Cd>CLBD</Cd></CdOrPrtry></Tp><Amt Ccy="GBP">130006.32</Amt><CdtDbtInd>CRDT</CdtDbtInd><Dt><Dt>2023-03-20</Dt></Dt></Bal><Bal><Tp><CdOrPrtry><Cd>CLAV</Cd></CdOrPrtry></Tp><CdtLine><Incl>false</Incl></CdtLine><Amt Ccy="GBP">130006.32</Amt><CdtDbtInd>CRDT</CdtDbtInd><Dt><Dt>2023-03-20</Dt></Dt></Bal><TxsSummry><TtlCdtNtries><NbOfNtries>2</NbOfNtries><Sum>395111.78</Sum></TtlCdtNtries><TtlDbtNtries><NbOfNtries>2</NbOfNtries><Sum>173.72</Sum></TtlDbtNtries></TxsSummry>
<Ntry><NtryRef>NtryRef 01</NtryRef><Amt Ccy="GBP">10.00</Amt><CdtDbtInd>DBIT</CdtDbtInd><RvslInd>false</RvslInd><Sts>BOOK</Sts><BookgDt><Dt>2023-03-20</Dt></BookgDt><ValDt><Dt>2023-03-20</Dt></ValDt><AcctSvcrRef>AcctSvcrRef 02</AcctSvcrRef><BkTxCd><Domn><Cd>PMNT</Cd><Fmly><Cd>MDOP</Cd><SubFmlyCd>COMM</SubFmlyCd></Fmly></Domn><Prtry><Cd>NCOM</Cd><Issr>SWIFT</Issr></Prtry></BkTxCd><NtryDtls>
<TxDtls><Refs><AcctSvcrRef>Details AcctSvcrRef 03</AcctSvcrRef><EndToEndId>NOTPROVIDED</EndToEndId></Refs></TxDtls></NtryDtls><AddtlNtryInf>Detail AddtlNtryInf 04</AddtlNtryInf></Ntry>
<Ntry><NtryRef>NtryRef 02</NtryRef><Amt Ccy="GBP">5.00</Amt><CdtDbtInd>CRDT</CdtDbtInd><RvslInd>false</RvslInd><Sts>BOOK</Sts><BookgDt><Dt>2023-03-20</Dt></BookgDt><ValDt><Dt>2023-03-20</Dt></ValDt><AcctSvcrRef>AcctSvcrRef 02</AcctSvcrRef><BkTxCd><Domn><Cd>PMNT</Cd><Fmly><Cd>MCOP</Cd><SubFmlyCd>INTR</SubFmlyCd></Fmly></Domn><Prtry><Cd>NCOM</Cd><Issr>SWIFT</Issr></Prtry></BkTxCd><NtryDtls>
<TxDtls><Refs><AcctSvcrRef>Details AcctSvcrRef 03</AcctSvcrRef><EndToEndId>NOTPROVIDED</EndToEndId></Refs></TxDtls></NtryDtls><AddtlNtryInf>Detail AddtlNtryInf 04</AddtlNtryInf></Ntry>
</Stmt></BkToCstmrStmt></Document>